<?xml version="1.0" encoding="UTF-8"?><record xmlns="http://www.loc.gov/MARC21/slim" xmlns:cinclude="http://apache.org/cocoon/include/1.0" xmlns:zs="http://www.loc.gov/zing/srw/">
  <leader>01484cz  a2200277n  4500</leader>
  <controlfield tag="001">n  81047257 </controlfield>
  <controlfield tag="003">DLC</controlfield>
  <controlfield tag="005">20150919073843.0</controlfield>
  <controlfield tag="008">810810n| azannaabn          |b aaa      </controlfield>
  <datafield tag="010" ind1=" " ind2=" ">
    <subfield code="a">n  81047257 </subfield>
  </datafield>
  <datafield tag="035" ind1=" " ind2=" ">
    <subfield code="a">(OCoLC)oca00592813</subfield>
  </datafield>
  <datafield tag="040" ind1=" " ind2=" ">
    <subfield code="a">DLC</subfield>
    <subfield code="b">eng</subfield>
    <subfield code="e">rda</subfield>
    <subfield code="c">DLC</subfield>
    <subfield code="d">OCoLC</subfield>
    <subfield code="d">DLC</subfield>
    <subfield code="d">StEdNL</subfield>
  </datafield>
  <datafield tag="046" ind1=" " ind2=" ">
    <subfield code="f">1923</subfield>
    <subfield code="g">1995</subfield>
    <subfield code="2">edtf</subfield>
  </datafield>
  <datafield tag="100" ind1="1" ind2=" ">
    <subfield code="a">Khat︠s︡kevich, A. F.</subfield>
    <subfield code="q">(Aleksandr Fedorovich)</subfield>
  </datafield>
  <datafield tag="370" ind1=" " ind2=" ">
    <subfield code="c">Belarus</subfield>
    <subfield code="2">naf</subfield>
  </datafield>
  <datafield tag="374" ind1=" " ind2=" ">
    <subfield code="a">Historians</subfield>
    <subfield code="a">College teachers</subfield>
    <subfield code="2">lcsh</subfield>
  </datafield>
  <datafield tag="375" ind1=" " ind2=" ">
    <subfield code="a">male</subfield>
  </datafield>
  <datafield tag="377" ind1=" " ind2=" ">
    <subfield code="a">rus</subfield>
  </datafield>
  <datafield tag="378" ind1=" " ind2=" ">
    <subfield code="q">Aleksandr Fedorovich</subfield>
  </datafield>
  <datafield tag="400" ind1="1" ind2=" ">
    <subfield code="w">nnea</subfield>
    <subfield code="a">Khat︠s︡kevich, Aleksandr Fedorovich</subfield>
  </datafield>
  <datafield tag="400" ind1="1" ind2=" ">
    <subfield code="a">Хацкевич, А. Ф.</subfield>
    <subfield code="q">(Александр Федорович)</subfield>
  </datafield>
  <datafield tag="667" ind1=" " ind2=" ">
    <subfield code="a">Machine-derived non-Latin script reference project.</subfield>
  </datafield>
  <datafield tag="667" ind1=" " ind2=" ">
    <subfield code="a">Non-Latin script reference not evaluated.</subfield>
  </datafield>
  <datafield tag="670" ind1=" " ind2=" ">
    <subfield code="a">His Soldat velikikh boev, 1961.</subfield>
  </datafield>
  <datafield tag="670" ind1=" " ind2=" ">
    <subfield code="a">His Stanovlenie partizanskogo dvizhenii︠a︡ v Belorussii i druzhba narodov SSSR, 1980:</subfield>
    <subfield code="b">t.p. (A. F. Khat︠s︡kevich) colophon (Aleksandr Fedorovich Khat︠s︡kevich)</subfield>
  </datafield>
  <datafield tag="670" ind1=" " ind2=" ">
    <subfield code="a">Rosenbloom personal pages WWW site, 18 Sep., 2015</subfield>
    <subfield code="b">(Хацкевич Александр Федорович = Khat︠s︡kevich Aleksandr Fedorovich; 1923, Tartak-1995; istorik; okonchil Belorusskiĭ Gosudarstvennyĭ universitet; doktor istoricheskikh nauk; professor; prepodaval istorii︠u︡ v ri︠a︡de vuzov; zasluzhennyĭ rabotnik Vyssheĭ shkoly Belarusi)</subfield>
    <subfield code="u">http://www.rosenbloom.byethost3.com/zemliaki/ple_h.html?ckattempt=1</subfield>
  </datafield>
</record>